<?xml version="1.0" encoding="UTF-8"?><collection xmlns="http://www.loc.gov/MARC21/slim"><record><leader>00291nam--2200121-i-4500</leader><controlfield tag="001">000021758</controlfield><controlfield tag="002">20161230</controlfield><controlfield tag="005">20161230201034</controlfield><controlfield tag="008">060222s1000------------r-----000-0-eng-d</controlfield><datafield ind1=" " ind2=" " tag="100"><subfield code="a">Iacovlev, V.M</subfield></datafield><datafield ind1=" " ind2=" " tag="245"><subfield code="a">Versinin, n.i</subfield></datafield><datafield ind1=" " ind2=" " tag="260"><subfield code="a">Vertaizer, A.L</subfield></datafield><datafield ind1=" " ind2=" " tag="490"><subfield code="a">Bucuresti, Ed. Tehnica, 1960. 135p</subfield></datafield></record></collection>